@InBook{Kopkac2004,
	author = {Helmut. KOPKA and Patrick W. DALY},
	title = {Guide to LaTeX},
	chapter = {Introduction},
	publisher = {Addison-Wesley},
	address = {Boston},
	year = {2004},
	edition = {4},
	ISBN = {03-2117-385-6},
}

@InBook{Rybicka2003,
	author = {Jiří RYBIČKA},
	title = {LaTeX pro začátečníky},
	chapter = {Základní informace},
	publisher = {Konvoj},
	address = {Brno},
	year = {2003},
	edition = {3},
	ISBN = {80-7302-049-1},
}

@Misc{Martinek2010,
	author = {David MARTINEK},
	title = {LaTeXové speciality},
	howpublished = {[online]},
	year = {rev. 25. únor 2010},
	note = {[vid. 2017-04-13]},
	url = {http://www.fit.vutbr.cz/~martinek/latex/index.html},
}

@Misc{Simecek2013,
	author = {Martin ŠIMEČEK},
	title = {LaTeX 1.\,--\,Co to je a proč se ho chtít učit?},
	howpublished = {[online]},
	year = {rev. 21. srpen 2013},
	note = {[vid. 2017-04-13]},
	url = {http://programujte.com/clanek/2013080500},
}

@Misc{Svamberg2001,
	author = {Michal ŠVAMBERG},
	title = {Jak na LaTeX: pronikáme hlouběji},
	howpublished = {[online]},
	year = {rev. 12. červenec 2001},
	note = {[vid. 2017-04-13]},
	url = {https://www.root.cz/clanky/jak-na-latex-pronikame-hloubeji},
}

@MastersThesis{Sokol2012,
	author = {Miroslav SOKOL},
	title = {Online LaTeX editor},
	school = {Vysoké učení technické v Brně. Fakulta informačních technologií. Ústav počítačové
		grafiky a multimédií},
	year = {2012},
	type = {Diplomová práce},
}

@MastersThesis{Simek2009,
	author = {Jiří ŠIMEK},
	title = {Transformace výrazů z Editoru Rovnic do LaTeXu},
	school = {Vysoké učení technické v Brně. Fakulta informačních technologií. Ústav informačních
		systémů},
	year = {2009},
	type = {Bakalářská práce},
}

@Article{Olsak2014,
	author = {Petr OLŠÁK},
	title = {TeX pro pragmatiky},
	journal = {Zpravodaj Československého sdružení uživatelů TeXu},
	volume = {24},
	number = {1\,--\,4},
	pages = {29\,--\,45},
	year = {2014},
	ISSN = {1211-6661},
}

@Article{Oksuz2008,
	author = {Ozcan OKSÜZ and Uğur GÜDÜKBAY and A. Enis ÇETIN},
	title = {A video-based text and equation editor for LaTeX},
	journal = {Engineering Applications of Artificial Intelligence},
	volume = {21},
	number = {6},
	pages = {952\,--\,960},
	year = {2008},
	ISSN = {0952-1976},
}

@Article{CazarezCastro2012,
	author = {Nohe R. CAZAREZ-CASTRO and Luis T. AGUILAR and Oscar CASTILLO},
	title = {Designing Type-1 and Type-2 Fuzzy Logic Controllers via Fuzzy Lyapunov Synthesis for
		nonsmooth mechanical systems},
	journal = {Engineering Applications of Artificial Intelligence},
	volume = {25},
	number = {5},
	pages = {971\,--\,979},
	year = {2012},
	ISSN = {0952-1976},
}
